<?xml version="1.0" encoding="UTF-8"?>
<collection xmlns:xsi="http://www.w3.org/2001/XMLSchema-instance" xsi:schemaLocation="http://www.loc.gov/MARC21/slim http://www.loc.gov/standards/marcxml/schema/MARC21slim.xsd" xmlns="http://www.loc.gov/MARC21/slim">
<record>
  <leader>00690cam a2200181 a 4500</leader>
  <controlfield tag="001">6762119</controlfield>
  <controlfield tag="003">NNC</controlfield>
  <controlfield tag="005">20100309223407.0</controlfield>
  <controlfield tag="008">080710s1913    ua a          000 0 ara  </controlfield>
  <datafield tag="035" ind1=" " ind2=" ">
    <subfield code="a">(OCoLC)506367773</subfield>
  </datafield>
  <datafield tag="035" ind1=" " ind2=" ">
    <subfield code="a">(OCoLC)ocn506367773</subfield>
  </datafield>
  <datafield tag="035" ind1=" " ind2=" ">
    <subfield code="a">(NNC)6762119</subfield>
  </datafield>
  <datafield tag="245" ind1="1" ind2="0">
    <subfield code="a">Kitāb al-Durūs al-awwalīyah fī ḥayāt Sayyidinā Yasūʻ al-Masīḥ :</subfield>
    <subfield code="b">kutibat bi-al-lughah al-basītah li-ajl fāʾidat al-nisāʾ al-sharqīyāt.</subfield>
  </datafield>
  <datafield tag="260" ind1=" " ind2=" ">
    <subfield code="a">Būlāq, Miṣr :</subfield>
    <subfield code="b">al-Maṭbaʻah al-Injlīziyah al-Amrikāniyah,</subfield>
    <subfield code="c">1913.</subfield>
  </datafield>
  <datafield tag="300" ind1=" " ind2=" ">
    <subfield code="a">65 p. :</subfield>
    <subfield code="b">col. ill. ;</subfield>
    <subfield code="c">19 cm.</subfield>
  </datafield>
  <datafield tag="600" ind1="0" ind2="0">
    <subfield code="a">Jesus Christ</subfield>
    <subfield code="v">Biography.</subfield>
  </datafield>
  <datafield tag="955" ind1=" " ind2=" ">
    <subfield code="b">CU02398770</subfield>
    <subfield code="d">off,uts</subfield>
    <subfield code="e">Burke Arabic</subfield>
  </datafield>
</record>
</collection>